%YAML 1.1
%TAG !u! tag:unity3d.com,2011:
--- !u!1 &4608739820861825578
GameObject:
  m_ObjectHideFlags: 0
  m_CorrespondingSourceObject: {fileID: 0}
  m_PrefabInstance: {fileID: 0}
  m_PrefabAsset: {fileID: 0}
  serializedVersion: 6
  m_Component:
  - component: {fileID: 4608739820861825579}
  - component: {fileID: 8434936229903002280}
  - component: {fileID: 829869605116112326}
  - component: {fileID: 5169195698995762911}
  - component: {fileID: 5334005786948926592}
  - component: {fileID: 5899999793924761954}
  m_Layer: 9
  m_Name: Juiced
  m_TagString: Untagged
  m_Icon: {fileID: 0}
  m_NavMeshLayer: 0
  m_StaticEditorFlags: 0
  m_IsActive: 1
--- !u!4 &4608739820861825579
Transform:
  m_ObjectHideFlags: 0
  m_CorrespondingSourceObject: {fileID: 0}
  m_PrefabInstance: {fileID: 0}
  m_PrefabAsset: {fileID: 0}
  m_GameObject: {fileID: 4608739820861825578}
  m_LocalRotation: {x: 0, y: 0, z: 0, w: 1}
  m_LocalPosition: {x: 0, y: 0, z: 0}
  m_LocalScale: {x: 1, y: 1, z: 1}
  m_Children:
  - {fileID: 5331425874041671043}
  m_Father: {fileID: 0}
  m_RootOrder: 0
  m_LocalEulerAnglesHint: {x: 0, y: 0, z: 0}
--- !u!114 &8434936229903002280
MonoBehaviour:
  m_ObjectHideFlags: 0
  m_CorrespondingSourceObject: {fileID: 0}
  m_PrefabInstance: {fileID: 0}
  m_PrefabAsset: {fileID: 0}
  m_GameObject: {fileID: 4608739820861825578}
  m_Enabled: 1
  m_EditorHideFlags: 0
  m_Script: {fileID: 11500000, guid: 9d83335cd0a163a499496dae8e25a106, type: 3}
  m_Name: 
  m_EditorClassIdentifier: 
  _Faction: {fileID: 11400000, guid: 2ca81ed08fbc32646b7cfbf5891ea6f7, type: 2}
  _MaxHealth: 1
  Health: 1
  _Dead: 0
  _Node: {fileID: 0}
  _GamePauseValueAssetRef:
    m_AssetGUID: a385bc51bd88b3e468e5c6ffc10e3b08
  _OnUnitDamagedEventAssetRef:
    m_AssetGUID: f3a92f756bda5d943a1411ac5a7a4ef4
  _OnUnitDiedEventAssetRef:
    m_AssetGUID: e6e151bb3f17a194e91aa569685da310
  Spawner: {fileID: 0}
  _EnemyID: 1
  _EnemyDiedEventAssetRef:
    m_AssetGUID: cd85d8dffbe7f84498c42a7989b33df7
--- !u!114 &829869605116112326
MonoBehaviour:
  m_ObjectHideFlags: 0
  m_CorrespondingSourceObject: {fileID: 0}
  m_PrefabInstance: {fileID: 0}
  m_PrefabAsset: {fileID: 0}
  m_GameObject: {fileID: 4608739820861825578}
  m_Enabled: 1
  m_EditorHideFlags: 0
  m_Script: {fileID: 11500000, guid: 687caeb5315249e4cba4eefc37aecbbc, type: 3}
  m_Name: 
  m_EditorClassIdentifier: 
--- !u!114 &5169195698995762911
MonoBehaviour:
  m_ObjectHideFlags: 0
  m_CorrespondingSourceObject: {fileID: 0}
  m_PrefabInstance: {fileID: 0}
  m_PrefabAsset: {fileID: 0}
  m_GameObject: {fileID: 4608739820861825578}
  m_Enabled: 1
  m_EditorHideFlags: 0
  m_Script: {fileID: 11500000, guid: efc6d81435cd6a14f9fa0704561e6e1c, type: 3}
  m_Name: 
  m_EditorClassIdentifier: 
  _NodeTravelSeconds: 0.76
  _EnemyMovedEnemyEventAssetRef:
    m_AssetGUID: a1fb1082e6632824b84c2d65a42a18bc
  _PlayerInfluence: {fileID: 11400000, guid: 99725ccfa86aca940a71a2ce20064dae, type: 2}
--- !u!114 &5334005786948926592
MonoBehaviour:
  m_ObjectHideFlags: 0
  m_CorrespondingSourceObject: {fileID: 0}
  m_PrefabInstance: {fileID: 0}
  m_PrefabAsset: {fileID: 0}
  m_GameObject: {fileID: 4608739820861825578}
  m_Enabled: 1
  m_EditorHideFlags: 0
  m_Script: {fileID: 11500000, guid: 405cec70327a9024186e609f56e2a555, type: 3}
  m_Name: 
  m_EditorClassIdentifier: 
  _Damage: 1
  _DamageRadius: 1
  _OnDeathLabel:
    m_LabelString: ondeath
  _EnemyLabel:
    m_LabelString: enemies
  _VisualObjects: []
--- !u!114 &5899999793924761954
MonoBehaviour:
  m_ObjectHideFlags: 0
  m_CorrespondingSourceObject: {fileID: 0}
  m_PrefabInstance: {fileID: 0}
  m_PrefabAsset: {fileID: 0}
  m_GameObject: {fileID: 4608739820861825578}
  m_Enabled: 1
  m_EditorHideFlags: 0
  m_Script: {fileID: 11500000, guid: 6cdd76bea8e03bd48990c25b222aa79a, type: 3}
  m_Name: 
  m_EditorClassIdentifier: 
  _EventAssetRef:
    m_AssetGUID: c90358bd338dcad478842d4d4ac8d7d0
  Response:
    m_PersistentCalls:
      m_Calls:
      - m_Target: {fileID: 5169195698995762911}
        m_MethodName: PlayerMoved
        m_Mode: 0
        m_Arguments:
          m_ObjectArgument: {fileID: 0}
          m_ObjectArgumentAssemblyTypeName: UnityEngine.Object, UnityEngine
          m_IntArgument: 0
          m_FloatArgument: 0
          m_StringArgument: 
          m_BoolArgument: 0
        m_CallState: 2
--- !u!1001 &902887455228503705
PrefabInstance:
  m_ObjectHideFlags: 0
  serializedVersion: 2
  m_Modification:
    m_TransformParent: {fileID: 4608739820861825579}
    m_Modifications:
    - target: {fileID: -4216859302048453862, guid: 416bca23d3ae7424bb252a403eae8832,
        type: 3}
      propertyPath: m_LocalPosition.x
      value: -0.049999997
      objectReference: {fileID: 0}
    - target: {fileID: -4216859302048453862, guid: 416bca23d3ae7424bb252a403eae8832,
        type: 3}
      propertyPath: m_LocalPosition.y
      value: 0
      objectReference: {fileID: 0}
    - target: {fileID: -4216859302048453862, guid: 416bca23d3ae7424bb252a403eae8832,
        type: 3}
      propertyPath: m_LocalPosition.z
      value: 0.02
      objectReference: {fileID: 0}
    - target: {fileID: -4216859302048453862, guid: 416bca23d3ae7424bb252a403eae8832,
        type: 3}
      propertyPath: m_LocalRotation.x
      value: 0
      objectReference: {fileID: 0}
    - target: {fileID: -4216859302048453862, guid: 416bca23d3ae7424bb252a403eae8832,
        type: 3}
      propertyPath: m_LocalRotation.y
      value: -0
      objectReference: {fileID: 0}
    - target: {fileID: -4216859302048453862, guid: 416bca23d3ae7424bb252a403eae8832,
        type: 3}
      propertyPath: m_LocalRotation.z
      value: -0
      objectReference: {fileID: 0}
    - target: {fileID: -4216859302048453862, guid: 416bca23d3ae7424bb252a403eae8832,
        type: 3}
      propertyPath: m_LocalRotation.w
      value: 1
      objectReference: {fileID: 0}
    - target: {fileID: -4216859302048453862, guid: 416bca23d3ae7424bb252a403eae8832,
        type: 3}
      propertyPath: m_RootOrder
      value: 0
      objectReference: {fileID: 0}
    - target: {fileID: -4216859302048453862, guid: 416bca23d3ae7424bb252a403eae8832,
        type: 3}
      propertyPath: m_LocalEulerAnglesHint.x
      value: 0
      objectReference: {fileID: 0}
    - target: {fileID: -4216859302048453862, guid: 416bca23d3ae7424bb252a403eae8832,
        type: 3}
      propertyPath: m_LocalEulerAnglesHint.y
      value: 0
      objectReference: {fileID: 0}
    - target: {fileID: -4216859302048453862, guid: 416bca23d3ae7424bb252a403eae8832,
        type: 3}
      propertyPath: m_LocalEulerAnglesHint.z
      value: 0
      objectReference: {fileID: 0}
    - target: {fileID: -4216859302048453862, guid: 416bca23d3ae7424bb252a403eae8832,
        type: 3}
      propertyPath: m_LocalScale.x
      value: 0.65414
      objectReference: {fileID: 0}
    - target: {fileID: -4216859302048453862, guid: 416bca23d3ae7424bb252a403eae8832,
        type: 3}
      propertyPath: m_LocalScale.y
      value: 0.65414
      objectReference: {fileID: 0}
    - target: {fileID: -4216859302048453862, guid: 416bca23d3ae7424bb252a403eae8832,
        type: 3}
      propertyPath: m_LocalScale.z
      value: 0.65414
      objectReference: {fileID: 0}
    - target: {fileID: -927199367670048503, guid: 416bca23d3ae7424bb252a403eae8832,
        type: 3}
      propertyPath: m_Name
      value: zombie
      objectReference: {fileID: 0}
    m_RemovedComponents: []
  m_SourcePrefab: {fileID: 100100000, guid: 416bca23d3ae7424bb252a403eae8832, type: 3}
--- !u!4 &5331425874041671043 stripped
Transform:
  m_CorrespondingSourceObject: {fileID: -4216859302048453862, guid: 416bca23d3ae7424bb252a403eae8832,
    type: 3}
  m_PrefabInstance: {fileID: 902887455228503705}
  m_PrefabAsset: {fileID: 0}
